<?xml version="1.0" encoding="UTF-8"?><collection xmlns="http://www.loc.gov/MARC21/slim"><record><leader>00392nam--2200145-i-4500</leader><controlfield tag="001">000002918</controlfield><controlfield tag="002">20161230</controlfield><controlfield tag="005">20170114165647</controlfield><controlfield tag="008">060222s1000------------r-----000-0-eng-d</controlfield><datafield ind1=" " ind2=" " tag="080"><subfield code="a">3</subfield></datafield><datafield ind1=" " ind2=" " tag="245"><subfield code="a">The biological effects of atomic radiation summary reports</subfield></datafield><datafield ind1=" " ind2=" " tag="260"><subfield code="a">Washinton</subfield><subfield code="b">National Academy Of Sciences</subfield><subfield code="c">1956</subfield></datafield><datafield ind1=" " ind2=" " tag="300"><subfield code="a">XIV + 108 p</subfield></datafield><datafield ind1=" " ind2=" " tag="852"><subfield code="a">11186</subfield></datafield><datafield ind1=" " ind2=" " tag="CAT"><subfield code="a">SYS</subfield><subfield code="c">20170114</subfield><subfield code="h">165647</subfield></datafield></record></collection>